<?xml version="1.0" encoding="UTF-8"?><record xmlns="http://www.loc.gov/MARC21/slim" xmlns:cinclude="http://apache.org/cocoon/include/1.0" xmlns:zs="http://www.loc.gov/zing/srw/">
  <leader>00778cz  a2200145n  4500</leader>
  <controlfield tag="001">n  78096808 </controlfield>
  <controlfield tag="003">DLC</controlfield>
  <controlfield tag="005">20141208080949.0</controlfield>
  <controlfield tag="008">781219n| azannaab           |a ana      </controlfield>
  <datafield tag="010" ind1=" " ind2=" ">
    <subfield code="a">n  78096808 </subfield>
  </datafield>
  <datafield tag="040" ind1=" " ind2=" ">
    <subfield code="a">DLC</subfield>
    <subfield code="b">eng</subfield>
    <subfield code="e">rda</subfield>
    <subfield code="c">DLC</subfield>
    <subfield code="d">DLC</subfield>
  </datafield>
  <datafield tag="110" ind1="2" ind2=" ">
    <subfield code="a">Quarteto de Cordas da Universidade de Brasília</subfield>
  </datafield>
  <datafield tag="410" ind1="2" ind2="0">
    <subfield code="a">Streichquartett der Universität Brasília</subfield>
  </datafield>
  <datafield tag="670" ind1=" " ind2=" ">
    <subfield code="a">Nobre, M. Trio op. 4, para piano, violine e violoncelo [SR] p1978 (a.e.)</subfield>
    <subfield code="b">container (Quarteto de Cordas da Universidade de Brasília: Moysés Mandel, Valeska Ferreira, violinos; Johann Scheuermann, viola; A. Guerra Vicente, cello)</subfield>
  </datafield>
  <datafield tag="670" ind1=" " ind2=" ">
    <subfield code="a">Its Streichquartette brasilianischer Komponisten [SR] 197-?:</subfield>
    <subfield code="b">container (Quarteto de Cordas da Universidade de Brasília; Streichquartett der Universität Brasília)</subfield>
  </datafield>
</record>